<collection xmlns="http://www.loc.gov/MARC21/slim">
<record>
  <leader>00868nam0a22002291i 450 </leader>
  <controlfield tag="001">IT\ICCU\CNCE\073688</controlfield>
  <controlfield tag="005">20091106000000.0</controlfield>
  <datafield tag="012" ind1=" " ind2=" ">
    <subfield code="a">medi r-e- u*er n-m, (C) 1586 (R)</subfield>
    <subfield code="2">fei</subfield>
  </datafield>
  <datafield tag="100" ind1=" " ind2=" ">
    <subfield code="a">20090128d1586        0itac0103    ba</subfield>
  </datafield>
  <datafield tag="101" ind1=" " ind2=" ">
    <subfield code="a">LAT</subfield>
  </datafield>
  <datafield tag="102" ind1=" " ind2=" ">
    <subfield code="a">IT</subfield>
  </datafield>
  <datafield tag="200" ind1="1" ind2=" ">
    <subfield code="a">℗Iacobi Sempreuiui ℗Ecloga</subfield>
  </datafield>
  <datafield tag="210" ind1=" " ind2=" ">
    <subfield code="a">Veronae</subfield>
    <subfield code="c">apud Hieronymum Discipulum</subfield>
    <subfield code="d">1586</subfield>
  </datafield>
  <datafield tag="215" ind1=" " ind2=" ">
    <subfield code="a">\6! c.</subfield>
    <subfield code="d">4ʻ</subfield>
  </datafield>
  <datafield tag="620" ind1=" " ind2=" ">
    <subfield code="a">IT</subfield>
    <subfield code="d">Verona</subfield>
  </datafield>
  <datafield tag="700" ind1=" " ind2="1">
    <subfield code="a">Semprevivo,</subfield>
    <subfield code="b">Giacomo</subfield>
    <subfield code="3">IT\ICCU\CNCA\003182</subfield>
  </datafield>
  <datafield tag="712" ind1="0" ind2="0">
    <subfield code="a">Discepolo, Girolamo</subfield>
    <subfield code="3">IT\ICCU\CNCT\000153</subfield>
    <subfield code="4">650</subfield>
  </datafield>
  <datafield tag="790" ind1=" " ind2="1">
    <subfield code="a">Semprevivus,</subfield>
    <subfield code="b">Jacobus</subfield>
    <subfield code="3">IT\ICCU\CNCA\015239</subfield>
    <subfield code="z">Semprevivo, Giacomo</subfield>
  </datafield>
  <datafield tag="791" ind1="0" ind2="0">
    <subfield code="a">Discipulus, Hieronymus</subfield>
    <subfield code="3">IT\ICCU\CNCT\004702</subfield>
    <subfield code="z">Discepolo, Girolamo</subfield>
  </datafield>
  <datafield tag="791" ind1="0" ind2="0">
    <subfield code="a">Discepoli, Gieronimo</subfield>
    <subfield code="3">IT\ICCU\CNCT\004703</subfield>
    <subfield code="z">Discepolo, Girolamo</subfield>
  </datafield>
  <datafield tag="801" ind1=" " ind2="3">
    <subfield code="a">IT</subfield>
    <subfield code="b">ICCU</subfield>
    <subfield code="c">20201115</subfield>
  </datafield>
  <datafield tag="899" ind1=" " ind2=" ">
    <subfield code="a">Biblioteca Apostolica Vaticana. Citt ̉del Vaticano</subfield>
    <subfield code="1">EX0001</subfield>
    <subfield code="2">ZCV 01</subfield>
  </datafield>
</record>
</collection>
